@article{exp3,
  title={The nonstochastic multiarmed bandit problem},
  author={Auer, Peter and Cesa-Bianchi, Nicolo and Freund, Yoav and Schapire, Robert E},
  journal={SIAM Journal on Computing},
  volume={32},
  number={1},
  pages={48--77},
  year={2002},
  publisher={SIAM}
}

@inproceedings{neu,
  title={An efficient algorithm for learning with semi-bandit feedback},
  author={Neu, Gergely and Bart{\'o}k, G{\'a}bor},
  booktitle={Algorithmic Learning Theory},
  pages={234--248},
  year={2013},
  organization={Springer}
}

@inproceedings{valko,
	title={Well-informed bandits: Learning with stochastic side-observations},
	author={Anonymized},
	booktitle={AISTATS},
	year={2015}
}

